% vim: set ai tw=80 fileencoding=utf8: 
%-------------------------------------------------------------------------------
@article{McKinley:1996,
 author = {McKinley, Kathryn S. and Carr, Steve and Tseng, Chau-Wen},
 title = {Improving data locality with loop transformations},
 journal = {ACM Trans. Program. Lang. Syst.},
 issue_date = {July 1996},
 volume = {18},
 number = {4},
 month = jul,
 year = {1996},
 issn = {0164-0925},
 pages = {424--453},
 numpages = {30},
 acmid = {233564},
 publisher = {ACM},
 address = {New York, NY, USA},
 keywords = {Cache, compiler optimization, data locality, loop distribution, loop fusion, loop permutation, loop reversal, loop transformations, microprocessors, simulation},
} 

@inproceedings{Rivera:1999,
 author = {Rivera, Gabriel and Tseng, Chau-Wen},
 title = {Locality optimizations for multi-level caches},
 booktitle = {Proceedings of the 1999 ACM/IEEE conference on Supercomputing},
 series = {Supercomputing '99},
 year = {1999},
 isbn = {1-58113-091-0},
 location = {Portland, Oregon, USA},
 articleno = {2},
 acmid = {331534},
 publisher = {ACM},
 address = {New York, NY, USA},
} 

@inproceedings{Miniskar:2012,
 author = {Miniskar, Narasinga Rao and Gode, Pankaj Shailendra and Kohli, Soma and Yoo, Donghoon},
 title = {Function inlining and loop unrolling for loop acceleration in reconfigurable processors},
 booktitle = {Proceedings of the 2012 international conference on Compilers, architectures and synthesis for embedded systems},
 series = {CASES '12},
 year = {2012},
 isbn = {978-1-4503-1424-4},
 location = {Tampere, Finland},
 pages = {101--110},
 numpages = {10},
 acmid = {2380426},
 publisher = {ACM},
 address = {New York, NY, USA},
 keywords = {coarse grained reconfigurable arrays, compilers, optimizations, performance analysis, vliw},
}

@inproceedings{Wolf:1996,
 author = {Wolf, Michael E. and Maydan, Dror E. and Chen, Ding-Kai},
 title = {Combining loop transformations considering caches and scheduling},
 booktitle = {Proceedings of the 29th annual ACM/IEEE international symposium on Microarchitecture},
 series = {MICRO 29},
 year = {1996},
 isbn = {0-8186-7641-8},
 location = {Paris, France},
 pages = {274--286},
 numpages = {13},
 publisher = {IEEE Computer Society},
 address = {Washington, DC, USA},
 keywords = {cache tiling, fission, fusion, instruction scheduling, loop interchange, outer loop unrolling},
} 

@inproceedings{Ghodrat:2008,
 author = {Ghodrat, Mohammad Ali and Givargis, Tony and Nicolau, Alex},
 title = {Control flow optimization in loops using interval analysis},
 booktitle = {Proceedings of the 2008 international conference on Compilers, architectures and synthesis for embedded systems},
 series = {CASES '08},
 year = {2008},
 isbn = {978-1-60558-469-0},
 location = {Atlanta, GA, USA},
 pages = {157--166},
 numpages = {10},
 acmid = {1450120},
 publisher = {ACM},
 address = {New York, NY, USA},
 keywords = {algorithmic code transformation, compiler loop optimization, interval analysis},
} 

@article{Allen:2004,
 author = {Allen, Randy and Kennedy, Ken},
 title = {Automatic loop interchange},
 journal = {SIGPLAN Not.},
 issue_date = {April 2004},
 volume = {39},
 number = {4},
 month = apr,
 year = {2004},
 issn = {0362-1340},
 pages = {75--90},
 numpages = {16},
 acmid = {989405},
 publisher = {ACM},
 address = {New York, NY, USA},
} 

@article{Yang:2002,
 author = {Yang, Minghui and Uh, Gang-Ryung and Whalley, David B.},
 title = {Efficient and effective branch reordering using profile data},
 journal = {ACM Trans. Program. Lang. Syst.},
 issue_date = {November 2002},
 volume = {24},
 number = {6},
 month = nov,
 year = {2002},
 issn = {0164-0925},
 pages = {667--697},
 numpages = {31},
 acmid = {586091},
 publisher = {ACM},
 address = {New York, NY, USA},
 keywords = {Conditional branches, branch reordering, profiling},
} 

@article{Song:2004,
 author = {Song, Litong and Kavi, Krishna},
 title = {What can we gain by unfolding loops?},
 journal = {SIGPLAN Not.},
 issue_date = {February 2004},
 volume = {39},
 number = {2},
 month = feb,
 year = {2004},
 issn = {0362-1340},
 pages = {26--33},
 numpages = {8},
 acmid = {967284},
 publisher = {ACM},
 address = {New York, NY, USA},
 keywords = {loop peeling, loop quasi invariant code motion, loop unrolling, quasi-index variable, quasi-invariant variable},
} 

@inproceedings{Tasharofi:2010,
 author = {Tasharofi, Samira and Johnson, Ralph},
 title = {Patterns of optimized loops},
 booktitle = {Proceedings of the 2010 Workshop on Parallel Programming Patterns},
 series = {ParaPLoP '10},
 year = {2010},
 isbn = {978-1-4503-0127-5},
 location = {Carefree, Arizona},
 pages = {6:1--6:8},
 articleno = {6},
 numpages = {8},
 acmid = {1953617},
 publisher = {ACM},
 address = {New York, NY, USA},
 keywords = {loop optimizations, parallel programming patterns, program transformations},
}

@article{Fisher:1983,
 author = {Fisher, Joseph A.},
 title = {Very Long Instruction Word architectures and the ELI-512},
 journal = {SIGARCH Comput. Archit. News},
 issue_date = {June 1983},
 volume = {11},
 number = {3},
 month = jun,
 year = {1983},
 issn = {0163-5964},
 pages = {140--150},
 numpages = {11},
 acmid = {801649},
 publisher = {ACM},
 address = {New York, NY, USA},
} 

@ARTICLE{Flynn:1972, 
author={Flynn, M.}, 
journal={Computers, IEEE Transactions on}, 
title={Some Computer Organizations and Their Effectiveness}, 
year={1972}, 
volume={C-21}, 
number={9}, 
pages={948-960}, 
keywords={Automata;Computer aided instruction;Concurrent computing;Parallel processing;Performance evaluation;Time sharing computer systems;Transmission electron microscopy;Computer organization;instruction stream;overlapped;parallel processors;resource hierarchy}, 
doi={10.1109/TC.1972.5009071}, 
ISSN={0018-9340},}

@ARTICLE{Flynn:1966, 
author={Flynn, M.}, 
journal={Proceedings of the IEEE}, 
title={Very high-speed computing systems}, 
year={1966}, 
volume={54}, 
number={12}, 
pages={1901-1909}, 
keywords={Arithmetic;Art;Computer aided instruction;Hardware;Impedance matching;Large-scale systems;Pervasive computing;Scientific computing;Turing machines}, 
doi={10.1109/PROC.1966.5273}, 
ISSN={0018-9219},}

@article{Flynn:1996,
 author = {Flynn, Michael J. and Rudd, Kevin W.},
 title = {Parallel architectures},
 journal = {ACM Comput. Surv.},
 issue_date = {March 1996},
 volume = {28},
 number = {1},
 month = mar,
 year = {1996},
 issn = {0360-0300},
 pages = {67--70},
 numpages = {4},
 doi = {10.1145/234313.234345},
 acmid = {234345},
 publisher = {ACM},
 address = {New York, NY, USA},
} 

@book{Openshaw:1999,
  title={High Performance Computing and the Art of Parallel Programming: An Introduction for Geographers, Social Scientists and Engineers},
  author={Openshaw, S. and Turton, I.},
  isbn={9780415156929},
  lccn={99018439},
  year={1999},
  publisher={Taylor \& Francis}
}

@book{breshears2009art,
  title={The Art of Concurrency: A Thread Monkey's Guide to Writing Parallel Applications},
  author={Breshears, C.},
  isbn={9780596555788},
  year={2009},
  publisher={O'Reilly Media}
}

@article{Suleman:2008,
 author = {Suleman, M. Aater and Qureshi, Moinuddin K. and Patt, Yale N.},
 title = {Feedback-driven threading: power-efficient and high-performance execution of multi-threaded workloads on CMPs},
 journal = {SIGARCH Comput. Archit. News},
 issue_date = {March 2008},
 volume = {36},
 number = {1},
 month = mar,
 year = {2008},
 issn = {0163-5964},
 pages = {277--286},
 numpages = {10},
 doi = {10.1145/1353534.1346317},
 acmid = {1346317},
 publisher = {ACM},
 address = {New York, NY, USA},
 keywords = {CMP, bandwidth, multi-threaded, synchronization},
} 

@article{realcloudWehner, 
author={Wehner, M. and Oliker, L. and Shalf, J.}, 
journal={Spectrum, IEEE}, title={A Real Cloud Computer}, 
year={2009}, 
volume={46}, 
number={10}, 
pages={24-29}, 
keywords={geophysics computing;microprocessor chips;weather forecasting;AMD Opteron;Green Flash;Tensilica XTensa LX2;cloud computer;numerical weather forecasting}, 
doi={10.1109/MSPEC.2009.5267992}, 
ISSN={0018-9235},}

@article{vectorIntel,
 author = {Piper, Chuck.},
 title = {An Introduction to Vectorization with the IntelÂ® C++ Compiler},
 issue_date = {2012},
 year = {2011},
 numpages = {7},
 url = {http://software.intel.com/sites/default/files/An_Introduction_to_Vectorization_with_Intel_C++_Compiler_021712.pdf}, 
 publisher = {Intel},
} 

@article{Dickson20115383,
title = "Importance of explicit vectorization for CPU and GPU software performance",
journal = "Journal of Computational Physics",
volume = "230",
number = "13",
pages = "5383 - 5398",
year = "2011",
note = "",
issn = "0021-9991",
doi = "10.1016/j.jcp.2011.03.041",
author = "Neil G. Dickson and Kamran Karimi and Firas Hamze",
keywords = "Performance",
keywords = "Optimization",
keywords = "Vectorization",
keywords = "Monte Carlo",
keywords = "Ising model",
keywords = "GPU"
}

@article{Huang2000259,
title = "A practical run-time technique for exploiting loop-level parallelism",
journal = "Journal of Systems and Software",
volume = "54",
number = "3",
pages = "259 - 271",
year = "2000",
note = "",
issn = "0164-1212",
doi = "10.1016/S0164-1212(00)00060-1",
author = "Tsung-Chuan Huang and Po-Hsueh Hsu",
keywords = "Parallelizing compiler",
keywords = "Data dependence analysis",
keywords = "Run-time technique",
keywords = "Speculative parallelization",
keywords = "Inspector/executor"
}

@article{llvm2008,
title = "Introduction to the LLVM Compiler System",
journal = "Advanced Computing and Analysis Techniques in Physics Research",
year = "2008",
author = "Chris Lattner",
}

@article{Quill1994773,
title = "A knowledge based approach to loop restructuring",
journal = "Microprocessing and Microprogramming",
volume = "40",
pages = "773 - 776",
year = "1994",
note = "",
issn = "0165-6074",
doi = "10.1016/0165-6074(94)90038-8",
author = "J.C. Quill and P. Milligan and R.K. McConnell"
}

@book{hpcfpc,
  title={High Performance Compilers for Parallel Computing},
  author={Wolfe, M.J.},
  isbn={9780805327304},
  lccn={94024588},
  year={1996},
  publisher={ADDISON WESLEY Publishing Company Incorporated}
}

@book{aapc,
  title={Algorithms and Parallel Computing},
  author={Gebali, F.},
  isbn={9780470934630},
  series={Wiley Series on Parallel and Distributed Computing},
  year={2011},
  publisher={Wiley}
}

@book{aipp,
  title={An Introduction to Parallel Programming},
  author={Pacheco, P.},
  isbn={9780080921440},
  series={An Introduction to Parallel Programming},
  year={2011},
  publisher={Elsevier Science}
}

@book{eopc,
  title={Encyclopedia of Parallel Computing},
  author={Padua, D.},
  number={v. 4},
  isbn={9780387097657},
  lccn={2011935063},
  series={Springer reference},
  year={2011},
  publisher={Springer}
}

@book{ocfma,
 author = {Kennedy, Ken and Allen, John R.},
 title = {Optimizing compilers for modern architectures: a dependence-based approach},
 year = {2002},
 isbn = {1-55860-286-0},
 publisher = {Morgan Kaufmann Publishers Inc.},
 address = {San Francisco, CA, USA},
}

@book{sopc,
  title={Source Book of Parallel Computing},
  author={Dongarra, J.J. and Foster, I. and Fox, G.C. and Gropp, W. and Kennedy, K. and Torczon, L. and White, A.},
  isbn={9781558608719},
  lccn={02107244},
  series={The Morgan Kaufmann Series in Computer Architecture and Design Series},
  year={2003},
  publisher={Morgan Kaufmann}
}


@article{Dragomir:2009,
 author = {Dragomir, Ozana Silvia and Stefanov, Todor and Bertels, Koen},
 title = {Optimal Loop Unrolling and Shifting for Reconfigurable Architectures},
 journal = {ACM Trans. Reconfigurable Technol. Syst.},
 issue_date = {September 2009},
 volume = {2},
 number = {4},
 month = sep,
 year = {2009},
 issn = {1936-7406},
 pages = {25:1--25:24},
 articleno = {25},
 numpages = {24},
 doi = {10.1145/1575779.1575785},
 acmid = {1575785},
 publisher = {ACM},
 address = {New York, NY, USA},
 keywords = {Loop optimizations, reconfigurable computing},
}

@book{fft,
  title={Fast Fourier Transform - Algorithms and Applications: Algorithms and Applications},
  author={Rao, K. and Kim, D.N. and Hwang, J.J.},
  isbn={9781402066290},
  lccn={2010934857},
  series={Signals and communication technology},
  year={2011},
  publisher={Springer}
}
@book{wolfe1996high,
  title={High Performance Compilers for Parallel Computing},
  author={Wolfe, M.J.},
  isbn={9780805327304},
  lccn={94024588},
  year={1996},
  publisher={ADDISON WESLEY Publishing Company Incorporated}
}
"Introduction to the LLVM Compiler System", Chris Lattner,
ACAT 2008: Advanced Computing and Analysis Techniques in Physics Research, Erice, Sicily, Italy, Nov 2008.

@inproceedings{Liu:2004,
 author = {Liu, Meilin and Zhuge, Qingfeng and Shao, Zili and Sha, Edwin H.-M.},
 title = {General loop fusion technique for nested loops considering timing and code size},
 booktitle = {Proceedings of the 2004 international conference on Compilers, architecture, and synthesis for embedded systems},
 series = {CASES '04},
 year = {2004},
 isbn = {1-58113-890-3},
 location = {Washington DC, USA},
 pages = {190--201},
 numpages = {12},
 doi = {10.1145/1023833.1023860},
 acmid = {1023860},
 publisher = {ACM},
 address = {New York, NY, USA},
 keywords = {code size, embedded DSP, loop fusion, retiming, scheduling},
}

@article{Chang:2004,
title = "Exploitation of parallelism to nested loops with dependence cycles ",
journal = "Journal of Systems Architecture ",
volume = "50",
number = "12",
pages = "729 - 742",
year = "2004",
note = "",
issn = "1383-7621",
author = "Weng-Long Chang and Chih-Ping Chu and Michael (Shan-Hui) Ho",
keywords = "Parallelizing compilers",
keywords = "Vectorizing compilers",
keywords = "Loop optimization",
keywords = "Data dependence analysis",
keywords = "Dependence cycle",
keywords = "Parallelism exploitation "
}

@article{Behera:2006,
 author = {Behera, Chandan Kumar and Kumar, Pawan},
 title = {An improved algorithm for loop dead optimization},
 journal = {SIGPLAN Not.},
 issue_date = {May 2006},
 volume = {41},
 number = {5},
 month = may,
 year = {2006},
 issn = {0362-1340},
 pages = {11--20},
 numpages = {10},
 doi = {10.1145/1149982.1149984},
 acmid = {1149984},
 publisher = {ACM},
 address = {New York, NY, USA},
 keywords = {compiler design, loop invariant computations, loop optimization},
}
