@book{Kennedy:2001,
 author = {Kennedy, Ken and Allen, John R.},
 title = {Optimizing compilers for modern architectures: a dependence-based approach},
 year = {2002},
 isbn = {1-55860-286-0},
 publisher = {Morgan Kaufmann Publishers Inc.},
 address = {San Francisco, CA, USA},
} 

@book{gebali2011algorithms,
  title={Algorithms and Parallel Computing},
  author={Gebali, F.},
  isbn={9780470934630},
  series={Wiley Series on Parallel and Distributed Computing},
  url={http://books.google.com.br/books?id=3g6lrxrd4wsC},
  year={2011},
  publisher={Wiley}
}

@book{pacheco2011introduction,
  title={An Introduction to Parallel Programming},
  author={Pacheco, P.},
  isbn={9780080921440},
  series={An Introduction to Parallel Programming},
  url={http://books.google.com.br/books?id=SEmfraJjvfwC},
  year={2011},
  publisher={Elsevier Science}
}

@book{dongarra2003source,
  title={Source Book of Parallel Computing},
  author={Dongarra, J.J. and Foster, I. and Fox, G.C. and Gropp, W. and Kennedy, K. and Torczon, L. and White, A.},
  isbn={9781558608719},
  lccn={02107244},
  series={The Morgan Kaufmann Series in Computer Architecture and Design Series},
  url={http://books.google.com.br/books?id=76alfzZxllAC},
  year={2003},
  publisher={Morgan Kaufmann}
}

@book{breshears2009art,
  title={The Art of Concurrency: A Thread Monkey's Guide to Writing Parallel Applications},
  author={Breshears, C.},
  isbn={9780596555788},
  url={http://books.google.com.br/books?id=rU68SYVS7S8C},
  year={2009},
  publisher={O'Reilly Media}
}

@article{Suleman:2008,
 author = {Suleman, M. Aater and Qureshi, Moinuddin K. and Patt, Yale N.},
 title = {Feedback-driven threading: power-efficient and high-performance execution of multi-threaded workloads on CMPs},
 journal = {SIGARCH Comput. Archit. News},
 issue_date = {March 2008},
 volume = {36},
 number = {1},
 month = mar,
 year = {2008},
 issn = {0163-5964},
 pages = {277--286},
 numpages = {10},
 url = {http://doi.acm.org/10.1145/1353534.1346317},
 doi = {10.1145/1353534.1346317},
 acmid = {1346317},
 publisher = {ACM},
 address = {New York, NY, USA},
 keywords = {CMP, bandwidth, multi-threaded, synchronization},
} 

@article{realcloudWehner, 
author={Wehner, M. and Oliker, L. and Shalf, J.}, 
journal={Spectrum, IEEE}, title={A Real Cloud Computer}, 
year={2009}, 
volume={46}, 
number={10}, 
pages={24-29}, 
keywords={geophysics computing;microprocessor chips;weather forecasting;AMD Opteron;Green Flash;Tensilica XTensa LX2;cloud computer;numerical weather forecasting}, 
doi={10.1109/MSPEC.2009.5267992}, 
ISSN={0018-9235},}

@article{vectorIntel,
 author = {Piper, Chuck.},
 title = {An Introduction to Vectorization with the Intel® C++ Compiler},
 issue_date = {2012},
 year = {2011},
 numpages = {7},
 url = {http://software.intel.com/sites/default/files/An_Introduction_to_Vectorization_with_Intel_C++_Compiler_021712.pdf}, 
 publisher = {Intel},
} 

@article{Dickson20115383,
title = "Importance of explicit vectorization for CPU and GPU software performance",
journal = "Journal of Computational Physics",
volume = "230",
number = "13",
pages = "5383 - 5398",
year = "2011",
note = "",
issn = "0021-9991",
doi = "10.1016/j.jcp.2011.03.041",
url = "http://www.sciencedirect.com/science/article/pii/S0021999111002026",
author = "Neil G. Dickson and Kamran Karimi and Firas Hamze",
keywords = "Performance",
keywords = "Optimization",
keywords = "Vectorization",
keywords = "Monte Carlo",
keywords = "Ising model",
keywords = "GPU"
}

@article{Huang2000259,
title = "A practical run-time technique for exploiting loop-level parallelism",
journal = "Journal of Systems and Software",
volume = "54",
number = "3",
pages = "259 - 271",
year = "2000",
note = "",
issn = "0164-1212",
doi = "10.1016/S0164-1212(00)00060-1",
url = "http://www.sciencedirect.com/science/article/pii/S0164121200000601",
author = "Tsung-Chuan Huang and Po-Hsueh Hsu",
keywords = "Parallelizing compiler",
keywords = "Data dependence analysis",
keywords = "Run-time technique",
keywords = "Speculative parallelization",
keywords = "Inspector/executor"
}

@article{llvm2008,
title = "Introduction to the LLVM Compiler System",
journal = "Advanced Computing and Analysis Techniques in Physics Research",
year = "2008",
author = "Chris Lattner",
}

@article{Quill1994773,
title = "A knowledge based approach to loop restructuring",
journal = "Microprocessing and Microprogramming",
volume = "40",
pages = "773 - 776",
year = "1994",
note = "",
issn = "0165-6074",
doi = "10.1016/0165-6074(94)90038-8",
url = "http://www.sciencedirect.com/science/article/pii/0165607494900388",
author = "J.C. Quill and P. Milligan and R.K. McConnell"
}

@book{wolfe1996high,
  title={High Performance Compilers for Parallel Computing},
  author={Wolfe, M.J.},
  isbn={9780805327304},
  lccn={94024588},
  url={http://books.google.com.br/books?id=kpFQAAAAMAAJ},
  year={1996},
  publisher={ADDISON WESLEY Publishing Company Incorporated}
}
"Introduction to the LLVM Compiler System", Chris Lattner,
ACAT 2008: Advanced Computing and Analysis Techniques in Physics Research, Erice, Sicily, Italy, Nov 2008.

